[gd_scene load_steps=10 format=2]

[ext_resource path="res://meshes/levels/curve1.dae" type="PackedScene" id=1]
[ext_resource path="res://scripts/levels/segment.gd" type="Script" id=2]
[ext_resource path="res://materials/base.shader" type="Shader" id=3]

[sub_resource type="SpatialMaterial" id=1]
flags_unshaded = true
params_diffuse_mode = 4
params_specular_mode = 4
params_cull_mode = 1
params_grow = true
params_grow_amount = 0.03
albedo_color = Color( 0.0627451, 0.0313726, 0.0470588, 1 )

[sub_resource type="ShaderMaterial" id=2]
next_pass = SubResource( 1 )
shader = ExtResource( 3 )
shader_param/albedo = Color( 0.878431, 0.878431, 0.878431, 1 )
shader_param/specular = 0.5
shader_param/metallic = 0.5
shader_param/roughness = 0.1
shader_param/point_size = 1.0
shader_param/metallic_texture_channel = Plane( 1, 0, 0, 0 )
shader_param/roughness_texture_channel = Plane( 1, 0, 0, 0 )
shader_param/uv1_scale = Vector3( 1, 1, 1 )
shader_param/uv1_offset = Vector3( 0, 0, 0 )

[sub_resource type="ShaderMaterial" id=3]
next_pass = SubResource( 1 )
shader = ExtResource( 3 )
shader_param/albedo = Color( 0.627451, 0.627451, 0.627451, 1 )
shader_param/specular = 0.5
shader_param/metallic = 0.5
shader_param/roughness = 0.1
shader_param/point_size = 1.0
shader_param/metallic_texture_channel = Plane( 1, 0, 0, 0 )
shader_param/roughness_texture_channel = Plane( 1, 0, 0, 0 )
shader_param/uv1_scale = Vector3( 1, 1, 1 )
shader_param/uv1_offset = Vector3( 0, 0, 0 )

[sub_resource type="ShaderMaterial" id=4]
next_pass = SubResource( 1 )
shader = ExtResource( 3 )
shader_param/albedo = Color( 0.501961, 0.25098, 0.12549, 1 )
shader_param/specular = 0.5
shader_param/metallic = 0.5
shader_param/roughness = 0.1
shader_param/point_size = 1.0
shader_param/metallic_texture_channel = Plane( 1, 0, 0, 0 )
shader_param/roughness_texture_channel = Plane( 1, 0, 0, 0 )
shader_param/uv1_scale = Vector3( 1, 1, 1 )
shader_param/uv1_offset = Vector3( 0, 0, 0 )

[sub_resource type="ShaderMaterial" id=5]
next_pass = SubResource( 1 )
shader = ExtResource( 3 )
shader_param/albedo = Color( 1, 0.878431, 0.12549, 1 )
shader_param/specular = 0.5
shader_param/metallic = 0.5
shader_param/roughness = 0.1
shader_param/point_size = 1.0
shader_param/metallic_texture_channel = Plane( 1, 0, 0, 0 )
shader_param/roughness_texture_channel = Plane( 1, 0, 0, 0 )
shader_param/uv1_scale = Vector3( 1, 1, 1 )
shader_param/uv1_offset = Vector3( 0, 0, 0 )

[sub_resource type="ShaderMaterial" id=6]
next_pass = SubResource( 1 )
shader = ExtResource( 3 )
shader_param/albedo = Color( 0.25098, 0.25098, 0.25098, 1 )
shader_param/specular = 0.5
shader_param/metallic = 0.5
shader_param/roughness = 0.1
shader_param/point_size = 1.0
shader_param/metallic_texture_channel = Plane( 1, 0, 0, 0 )
shader_param/roughness_texture_channel = Plane( 1, 0, 0, 0 )
shader_param/uv1_scale = Vector3( 1, 1, 1 )
shader_param/uv1_offset = Vector3( 0, 0, 0 )

[node name="Scene Root" instance=ExtResource( 1 )]
script = ExtResource( 2 )
offset = Vector3( 21.121, 0, -41.093 )
rot = Vector3( 0, -45, 0 )
waypoints = [ Vector3( 0, 0, 0 ), Vector3( 10, 0, -24 ) ]

[node name="Curve" parent="." index="0"]
transform = Transform( -7.54979e-08, -1, 0, -1, 7.54979e-08, 0, 0, 0, -1, -1.313, -0.003, -14.26 )
material/0 = SubResource( 2 )
material/1 = SubResource( 3 )
material/2 = SubResource( 4 )
material/3 = SubResource( 5 )
material/4 = SubResource( 6 )

[node name="Curve2" parent="." index="1"]
transform = Transform( -4.37114e-08, -1, 8.74228e-08, -1, 4.37114e-08, 0, -3.82137e-15, -8.74228e-08, -1, -1.313, -0.004, -14.265 )
