[gd_scene load_steps=10 format=2]

[ext_resource path="res://meshes/levels/curve_sharp_left.dae" type="PackedScene" id=1]
[ext_resource path="res://scripts/levels/segment.gd" type="Script" id=2]
[ext_resource path="res://materials/base.shader" type="Shader" id=3]

[sub_resource type="SpatialMaterial" id=1]
flags_unshaded = true
params_diffuse_mode = 4
params_specular_mode = 4
params_cull_mode = 1
params_grow = true
params_grow_amount = 0.03
albedo_color = Color( 0.0627451, 0.0313726, 0.0470588, 1 )

[sub_resource type="ShaderMaterial" id=2]
next_pass = SubResource( 1 )
shader = ExtResource( 3 )
shader_param/albedo = Color( 0.878431, 0.878431, 0.878431, 1 )
shader_param/specular = 0.5
shader_param/metallic = 0.5
shader_param/roughness = 0.1
shader_param/point_size = 1.0
shader_param/metallic_texture_channel = Plane( 1, 0, 0, 0 )
shader_param/roughness_texture_channel = Plane( 1, 0, 0, 0 )
shader_param/uv1_scale = Vector3( 1, 1, 1 )
shader_param/uv1_offset = Vector3( 0, 0, 0 )

[sub_resource type="ShaderMaterial" id=3]
next_pass = SubResource( 1 )
shader = ExtResource( 3 )
shader_param/albedo = Color( 0.627451, 0.627451, 0.627451, 1 )
shader_param/specular = 0.5
shader_param/metallic = 0.5
shader_param/roughness = 0.1
shader_param/point_size = 1.0
shader_param/metallic_texture_channel = Plane( 1, 0, 0, 0 )
shader_param/roughness_texture_channel = Plane( 1, 0, 0, 0 )
shader_param/uv1_scale = Vector3( 1, 1, 1 )
shader_param/uv1_offset = Vector3( 0, 0, 0 )

[sub_resource type="ShaderMaterial" id=4]
next_pass = SubResource( 1 )
shader = ExtResource( 3 )
shader_param/albedo = Color( 0.501961, 0.25098, 0.12549, 1 )
shader_param/specular = 0.5
shader_param/metallic = 0.5
shader_param/roughness = 0.1
shader_param/point_size = 1.0
shader_param/metallic_texture_channel = Plane( 1, 0, 0, 0 )
shader_param/roughness_texture_channel = Plane( 1, 0, 0, 0 )
shader_param/uv1_scale = Vector3( 1, 1, 1 )
shader_param/uv1_offset = Vector3( 0, 0, 0 )

[sub_resource type="ShaderMaterial" id=5]
next_pass = SubResource( 1 )
shader = ExtResource( 3 )
shader_param/albedo = Color( 1, 0.878431, 0.12549, 1 )
shader_param/specular = 0.5
shader_param/metallic = 0.5
shader_param/roughness = 0.1
shader_param/point_size = 1.0
shader_param/metallic_texture_channel = Plane( 1, 0, 0, 0 )
shader_param/roughness_texture_channel = Plane( 1, 0, 0, 0 )
shader_param/uv1_scale = Vector3( 1, 1, 1 )
shader_param/uv1_offset = Vector3( 0, 0, 0 )

[sub_resource type="ShaderMaterial" id=6]
next_pass = SubResource( 1 )
shader = ExtResource( 3 )
shader_param/albedo = Color( 0.25098, 0.25098, 0.25098, 1 )
shader_param/specular = 0.5
shader_param/metallic = 0.5
shader_param/roughness = 0.1
shader_param/point_size = 1.0
shader_param/metallic_texture_channel = Plane( 1, 0, 0, 0 )
shader_param/roughness_texture_channel = Plane( 1, 0, 0, 0 )
shader_param/uv1_scale = Vector3( 1, 1, 1 )
shader_param/uv1_offset = Vector3( 0, 0, 0 )

[node name="Scene Root" instance=ExtResource( 1 )]
script = ExtResource( 2 )
offset = Vector3( 54.746, 0, -39.489 )
rot = Vector3( 0, -90, 0 )
waypoints = [ Vector3( 0, 0, 0 ), Vector3( 3, 0, -14 ), Vector3( 10, 0, -30 ), Vector3( 27, 0, -36.5 ), Vector3( 38.746, 0, -39.489 ) ]

[node name="SharpCurve" parent="." index="0"]
transform = Transform( -1, 0, 0, 0, -4.37114e-08, -1, 0, 1, -4.37114e-08, 1.734, 2.383, -8.756 )
material/0 = SubResource( 2 )
material/1 = SubResource( 3 )
material/2 = SubResource( 4 )
material/3 = SubResource( 5 )
material/4 = SubResource( 6 )

[node name="SharpCurveCollision" parent="." index="1"]
transform = Transform( -1, 0, 0, 0, -4.37114e-08, -1, 0, 1, -4.37114e-08, 1.734, 2.383, -8.756 )
